% This file was created with JabRef 2.6.
% Encoding: UTF-8

@BOOK{sutton:2005,
  title = {Reinforcement Learning: An Introduction},
  publisher = {A Bradford Book},
  year = {2005},
  author = {Richard S. Sutton and Andrew G. Barto},
  owner = {hexren},
  timestamp = {2012.05.29}
}

